@article{devrimguclu_1,
  title = {Quantum Monte Carlo study of composite fermions in quantum dots: The effect of Landau-level mixing},
  author = {G\"u\ifmmode \mbox{\c{c}}\else \c{c}\fi{}l\"u, A. D. and Jeon, Gun Sang and Umrigar, C. J. and Jain, J. K.},
  journal = {Phys. Rev. B},
  volume = {72},
  issue = {20},
  pages = {205327},
  numpages = {6},
  year = {2005},
  month = {Nov},
  publisher = {American Physical Society},
  doi = {10.1103/PhysRevB.72.205327},
  url = {https://link.aps.org/doi/10.1103/PhysRevB.72.205327}
}

